
@article{isometry,
title = "A simple proof of the restricted isometry property for random matrices",
keywords = "Compressed sensing, Concentration inequalities, Random matrices, Sampling",
author = "Richard Baraniuk and Mark Davenport and Ronald DeVore and Michael Wakin",
year = "2008",
month = dec,
doi = "10.1007/s00365-007-9003-x",
language = "English (US)",
volume = "28",
pages = "253--263",
journal = "Constructive Approximation",
issn = "0176-4276",
publisher = "Springer New York",
number = "3",
}

@ARTICLE{Khramer,
       author = {{Krahmer}, Felix and {Ward}, Rachel},
        title = "{New and improved Johnson-Lindenstrauss embeddings via the Restricted Isometry Property}",
      journal = {arXiv e-prints},
     keywords = {Computer Science - Information Theory, Mathematics - Numerical Analysis, Mathematics - Probability, 41, 60, 65, 94},
         year = 2010,
        month = sep,
          eid = {arXiv:1009.0744},
        pages = {arXiv:1009.0744},
archivePrefix = {arXiv},
       eprint = {1009.0744},
 primaryClass = {cs.IT},
       adsurl = {https://ui.adsabs.harvard.edu/abs/2010arXiv1009.0744K},
      adsnote = {Provided by the SAO/NASA Astrophysics Data System}
}

@article{jl,
author = {Johnson, William and Lindenstrauss, J.},
year = {1982},
month = {01},
pages = {189-206},
title = {Extensions of Lipschitz mappings into a Hilbert space},
volume = {26},
journal = {Conference in Modern Analysis and Probability}
}

@inproceedings{jl1,
author = {Achlioptas, Dimitris},
title = {Database-Friendly Random Projections},
year = {2001},
isbn = {1581133618},
publisher = {Association for Computing Machinery},
address = {New York, NY, USA},
url = {https://doi.org/10.1145/375551.375608},
doi = {10.1145/375551.375608},
booktitle = {Proceedings of the Twentieth ACM SIGMOD-SIGACT-SIGART Symposium on Principles of Database Systems},
pages = {274â€“281},
numpages = {8},
location = {Santa Barbara, California, USA},
series = {PODS '01}
}

@TECHREPORT{jl2,
    author = {Sanjoy Dasgupta and Anupam Gupta},
    title = {An elementary proof of the Johnson-Lindenstrauss Lemma},
    institution = {U.C. Berkeley},
    year = {1999}
}

@article{jl3,
title = {The Johnson-Lindenstrauss lemma and the sphericity of some graphs},
journal = {Journal of Combinatorial Theory, Series B},
volume = {44},
number = {3},
pages = {355-362},
year = {1988},
issn = {0095-8956},
doi = {https://doi.org/10.1016/0095-8956(88)90043-3},
url = {https://www.sciencedirect.com/science/article/pii/0095895688900433},
author = {P Frankl and H Maehara}
}